@article{ising1925,
  doi = {10.1007/bf02980577},
  url = {https://doi.org/10.1007/bf02980577},
  year = {1925},
  month = feb,
  publisher = {Springer Science and Business Media {LLC}},
  volume = {31},
  number = {1},
  pages = {253--258},
  author = {Ernst Ising},
  title = {Beitrag zur Theorie des Ferromagnetismus},
  journal = {Zeitschrift f\"{u}r Physik}
}
